<?xml version = "1.0" encoding = "UTF-8"?><OAI-PMH xmlns="http://www.openarchives.org/OAI/2.0/" xmlns:xsi="http://www.w3.org/2001/XMLSchema-instance" xsi:schemaLocation="http://www.openarchives.org/OAI/2.0/ http://www.openarchives.org/OAI/2.0/OAI-PMH.xsd"><ListRecords><record><header><identifier>aleph-publish:001778938</identifier></header><metadata><record xmlns="http://www.ddb.de/professionell/mabxml/mabxml-1.xsd"><leader>00705vM2.01200024------h</leader><controlfield tag="LDR">00705vM2.01200024------h</controlfield><controlfield tag="FMT">MH</controlfield><datafield tag="001" ind1="-" ind2="1"><subfield code="a">HT004491193</subfield></datafield><datafield tag="002" ind1="a" ind2="1"><subfield code="a">19931102</subfield></datafield><datafield tag="003" ind1="-" ind2="1"><subfield code="a">20020111</subfield></datafield><controlfield tag="030">a|1uc||||||37</controlfield><datafield tag="036" ind1="a" ind2="1"><subfield code="a">AT</subfield></datafield><datafield tag="037" ind1="b" ind2="1"><subfield code="a">ger</subfield></datafield><controlfield tag="050">a|||||||||||||</controlfield><controlfield tag="051">mf||||||</controlfield><datafield tag="070" ind1="-" ind2="1"><subfield code="a">6/Inst</subfield></datafield><datafield tag="070" ind1="b" ind2="1"><subfield code="a">HBZ/Red</subfield></datafield><datafield tag="080" ind1="-" ind2="1"><subfield code="a">60</subfield></datafield><datafield tag="100" ind1="b" ind2="1"><subfield code="p">Doralt, Peter</subfield><subfield code="b">[Hrsg.]</subfield><subfield code="9">(DE-588)175322538</subfield></datafield><datafield tag="104" ind1="f" ind2="1"><subfield code="p">Kastner, Walther</subfield><subfield code="d">1902-1994</subfield><subfield code="9">(DE-588)118721119</subfield></datafield><datafield tag="331" ind1="-" ind2="1"><subfield code="a">Kontinuität und Wandel</subfield></datafield><datafield tag="335" ind1="-" ind2="1"><subfield code="a">Beiträge zum Unternehmensrecht ; Festschrift für Walther Kastner zum 90. Geburtstag</subfield></datafield><datafield tag="359" ind1="-" ind2="1"><subfield code="a">hrsg. von Peter Doralt ...</subfield></datafield><datafield tag="410" ind1="-" ind2="1"><subfield code="a">Wien</subfield></datafield><datafield tag="412" ind1="-" ind2="1"><subfield code="a">Orac</subfield></datafield><datafield tag="425" ind1="a" ind2="1"><subfield code="a">1992</subfield></datafield><datafield tag="433" ind1="-" ind2="1"><subfield code="a">501 S. : Ill.</subfield></datafield><datafield tag="517" ind1="-" ind2="1"><subfield code="p">Bibliogr.</subfield><subfield code="a">W. Kastner S. 487 - 501</subfield></datafield><datafield tag="540" ind1="a" ind2="1"><subfield code="a">3-7007-0286-8</subfield></datafield><datafield tag="902" ind1="-" ind2="1"><subfield code="g">Österreich</subfield><subfield code="9">(DE-588)4043271-3</subfield></datafield><datafield tag="902" ind1="-" ind2="1"><subfield code="s">Unternehmensrecht</subfield><subfield code="9">(DE-588)4078611-0</subfield></datafield><datafield tag="902" ind1="-" ind2="1"><subfield code="f">Aufsatzsammlung</subfield></datafield><datafield tag="903" ind1="-" ind2="1"><subfield code="a">213</subfield></datafield><datafield tag="907" ind1="-" ind2="1"><subfield code="p">Kastner, Walther</subfield><subfield code="d">1902-1994</subfield><subfield code="9">(DE-588)118721119</subfield></datafield><datafield tag="907" ind1="-" ind2="1"><subfield code="f">Bibliographie</subfield></datafield><controlfield tag="SYS">001778938</controlfield><datafield tag="LOW" ind1="-" ind2="1"><subfield code="a">B3001</subfield></datafield><datafield tag="LOW" ind1="-" ind2="1"><subfield code="a">Q1106</subfield></datafield><datafield tag="LOW" ind1="-" ind2="1"><subfield code="a">Q0001</subfield></datafield><datafield tag="LOW" ind1="-" ind2="1"><subfield code="a">M1114</subfield></datafield><datafield tag="HID" ind1="-" ind2="1"><subfield code="s">DTL2ALEPH</subfield><subfield code="c">20150327</subfield><subfield code="l">HBZ01</subfield><subfield code="h">0601</subfield></datafield><datafield tag="952" ind1="-" ind2="1"><subfield code="g">Österreich</subfield><subfield code="h">Zweite Republik</subfield></datafield><datafield tag="952" ind1="-" ind2="1"><subfield code="g">Österreich</subfield><subfield code="h">Erste Republik</subfield></datafield><datafield tag="952" ind1="-" ind2="1"><subfield code="g">Deutschösterreich</subfield></datafield><datafield tag="952" ind1="-" ind2="1"><subfield code="g">Land Österreich</subfield></datafield><datafield tag="952" ind1="-" ind2="1"><subfield code="g">&lt;&lt;Die&gt;&gt; im Reichsrat Vertretenen Königreiche und Länder</subfield><subfield code="h">Österreich</subfield></datafield><datafield tag="952" ind1="-" ind2="1"><subfield code="g">Zisleithanien</subfield></datafield><datafield tag="952" ind1="-" ind2="1"><subfield code="g">Cisleithanien</subfield></datafield><datafield tag="952" ind1="-" ind2="1"><subfield code="g">Habsburgermonarchie</subfield></datafield><datafield tag="952" ind1="-" ind2="1"><subfield code="g">Habsburgerreich</subfield></datafield><datafield tag="952" ind1="-" ind2="1"><subfield code="g">Ostmark</subfield><subfield code="h">Österreich</subfield></datafield><datafield tag="952" ind1="-" ind2="1"><subfield code="g">Austrya</subfield></datafield><datafield tag="952" ind1="-" ind2="1"><subfield code="g">Austrja</subfield></datafield><datafield tag="952" ind1="-" ind2="1"><subfield code="g">Republik Österreich</subfield></datafield><datafield tag="952" ind1="-" ind2="1"><subfield code="g">Bundesstaat Österreich</subfield></datafield><datafield tag="952" ind1="-" ind2="1"><subfield code="g">Staat Deutschösterreich</subfield></datafield><datafield tag="952" ind1="-" ind2="1"><subfield code="g">Kaisertum Österreich</subfield></datafield><datafield tag="952" ind1="-" ind2="1"><subfield code="g">Kaiserthum Österreich</subfield></datafield><datafield tag="952" ind1="-" ind2="1"><subfield code="g">Österreichische Monarchie</subfield></datafield><datafield tag="952" ind1="-" ind2="1"><subfield code="g">Austria</subfield></datafield><datafield tag="952" ind1="-" ind2="1"><subfield code="g">Autriche</subfield></datafield><datafield tag="952" ind1="-" ind2="1"><subfield code="g">Ostmark</subfield></datafield><datafield tag="952" ind1="-" ind2="1"><subfield code="s">Unternehmen</subfield><subfield code="x">Recht</subfield></datafield><datafield tag="952" ind1="-" ind2="1"><subfield code="s">Unternehmungsrecht</subfield></datafield><datafield tag="088" ind1=" " ind2=" "><subfield code="a">294/39</subfield><subfield code="b">00039000</subfield><subfield code="c">9/K/75</subfield><subfield code="e">keine ILL</subfield></datafield><datafield tag="088" ind1=" " ind2=" "><subfield code="a">294/39</subfield><subfield code="b">00039000</subfield><subfield code="c">9/K/75</subfield><subfield code="e">keine ILL</subfield></datafield><datafield tag="088" ind1=" " ind2=" "><subfield code="a">5</subfield><subfield code="b">00000010</subfield><subfield code="c">94/8589</subfield><subfield code="e">ILL Ausleihe</subfield></datafield><datafield tag="088" ind1=" " ind2=" "><subfield code="a">6/228</subfield><subfield code="b">00027001</subfield><subfield code="c">Allg II 2076</subfield><subfield code="e">keine ILL</subfield></datafield><datafield tag="088" ind1=" " ind2=" "><subfield code="a">5/35</subfield><subfield code="b">00018001</subfield><subfield code="c">Sd 114</subfield><subfield code="e">keine ILL</subfield></datafield><datafield tag="088" ind1=" " ind2=" "><subfield code="a">385</subfield><subfield code="b">60</subfield><subfield code="c">AX/r7954</subfield><subfield code="e">Präsenzbestand</subfield></datafield><datafield tag="655" ind1="e" ind2=" "><subfield code="u">http://digitool.hbz-nrw.de:1801/webclient/DeliveryManager?pid=6074587&amp;custom_att_2=simple_viewer</subfield><subfield code="y">Kontinuität und Wandel</subfield><subfield code="x">Inhaltsverzeichnis</subfield></datafield></record></metadata></record></ListRecords></OAI-PMH>